@misc{SEER2024,
  title = {2024 Cancer Facts and Figures},
  author = {{American Cancer Society}},
  year = {2024},
  url = {https://pancreatic.org/wp-content/uploads/2024/01/2024-cancer-facts-and-figures-acs.pdf},
  note = {Accessed: 2024-11-09}
}

@misc{GlobocanMexico,
  title = {Mexico Fact Sheet},
  author = {{International Agency for Research on Cancer}},
  year = {2024},
  url = {https://gco.iarc.who.int/media/globocan/factsheets/populations/484-mexico-fact-sheet.pdf},
  note = {Accessed: 2024-11-09}
}

@article{Pubmed30721664,
  author = {Singhi, A. D. and Koay, E. J. and Chari, S. T. and Maitra, A.},
  title = {Early Detection of Pancreatic Cancer: Opportunities and Challenges},
  journal = {Gastroenterology},
  year = {2019},
  volume = {156},
  number = {7},
  pages = {2024-2040},
  doi = {10.1053/j.gastro.2019.01.259},
  pmid = {30721664},
  url = {https://pubmed.ncbi.nlm.nih.gov/30721664/}
}

@article{Cancers2023,
  author = {Farr, K. P. and Moses, D. and Haghighi, K. S. and Phillips, P. A. and Hillenbrand, C. M. and Chua, B. H.},
  title = {Imaging Modalities for Early Detection of Pancreatic Cancer: Current State and Future Research Opportunities},
  journal = {Cancers},
  year = {2022},
  volume = {14},
  number = {10},
  pages = {2539},
  doi = {10.3390/cancers14102539},
  url = {https://doi.org/10.3390/cancers14102539}
}

@article{NCCNGuidelines,
  author = {Rhee, H. and Park, M. S.},
  title = {The Role of Imaging in Current Treatment Strategies for Pancreatic Adenocarcinoma},
  journal = {Korean Journal of Radiology},
  year = {2021},
  volume = {22},
  number = {1},
  pages = {23-40},
  doi = {10.3348/kjr.2019.0862},
  url = {https://doi.org/10.3348/kjr.2019.0862}
}

@article{Pu2021,
  author = {Pu, Y. and Wang, C. and Zhao, S. and Xie, R. and Zhao, L. and Li, K. and Yang, C. and Zhang, R. and Tian, Y. and Tan, L. and Li, J. and Li, S. and Chen, L. and Sun, H.},
  title = {The Clinical Application of [{18F}]-FDG PET/CT in Pancreatic Cancer: A Narrative Review},
  journal = {Translational Cancer Research},
  year = {2021},
  volume = {10},
  number = {7},
  pages = {3560-3575},
  doi = {10.21037/tcr-21-169},
  url = {https://doi.org/10.21037/tcr-21-169}
}

@article{Li2022,
  author    = {Li, B. and Nelson, M. S. and Savari, O. and Loeffler, A. G. and Eliceiri, K. W.},
  title     = {Differentiation of Pancreatic Ductal Adenocarcinoma and Chronic Pancreatitis Using Graph Neural Networks on Histopathology and Collagen Fiber Features},
  journal   = {Journal of Pathology Informatics},
  volume    = {13},
  pages     = {100158},
  year      = {2022},
  month     = {Nov},
  doi       = {10.1016/j.jpi.2022.100158},
  pmid      = {36605110},
  pmcid     = {PMC9808020}
}

@misc{statista1,
  title = {Density of Positron Emission Tomography (PET) Scanners in Mexico from 2010 to 2021},
  author = {{Statista Research Department}},
  year = {2021},
  url = {https://www.statista.com/statistics/1454532/density-of-positron-emission-tomography-pet-scanners-in-mexico/},
  note = {Accessed: 2024-11-24}
}

@unpublished{myownotherpaper,
  author    = {Daniel Juarez},
  title     = {Comparative Efficacy of PET/CT and PET/MR in Precision Radiotherapy for Liver Cancer: Advances in Dosimetry and Tumor Delineation},
  note      = {Unpublished manuscript for Radiotherapy class},
  year      = {2024},
  month     = {November},
}

@article{TG174,
  author = {Das, S. K. and Miften, M. and Zhou, S. and ten Haken, R. K. and El Naqa, I. and Ajlouni, M. and Ghosh, S.},
  title = {Task Group 174 Report: Utilization of [{18F}]-Fluorodeoxyglucose Positron Emission Tomography ([{18F}]-FDG PET) in Radiation Therapy},
  journal = {Medical Physics},
  year = {2019},
  volume = {46},
  number = {1},
  pages = {e1-e15},
  doi = {10.1002/mp.13215},
  url = {https://aapm.onlinelibrary.wiley.com/doi/10.1002/mp.13215}
}

@article{TG126,
  author = {Lopez, B. P. and Jordan, D. W. and Kemp, B. J. and Kinahan, P. E. and Schmidtlein, C. R. and Mawlawi, O. R.},
  title = {PET/CT Acceptance Testing and Quality Assurance: Executive Summary of AAPM Task Group 126 Report},
  journal = {Medical Physics},
  year = {2020},
  volume = {48},
  number = {2},
  pages = {e31-e35},
  doi = {10.1002/mp.14656},
  url = {https://aapm.onlinelibrary.wiley.com/doi/10.1002/mp.14656}
}

@article{Seifert2022,
  author = {Seifert, R. and Sandach, P. and Kersting, D. and Fendler, W. P. and Hadaschik, B. and Herrmann, K. and Sunderland, J. J. and Pollard, J. H.},
  title = {Repeatability of [{68Ga}]-PSMA-HBED-CC PET/CT-Derived Total Molecular Tumor Volume},
  journal = {Journal of Nuclear Medicine},
  year = {2022},
  volume = {63},
  number = {5},
  pages = {746-753},
  doi = {10.2967/jnumed.121.262528},
  url = {https://jnm.snmjournals.org/content/63/5/746}
}

@article{Sunderland2023,
  author = {Sunderland, J. J. and Graves, S. A. and York, D. M. and Mundt, C. A. and Bartel, T. B.},
  title = {Multicenter Evaluation of Frequency and Impact of Activity Infiltration in PET Imaging, Including Microscale Modeling of Skin-Absorbed Dose},
  journal = {Journal of Nuclear Medicine},
  year = {2023},
  volume = {64},
  number = {7},
  pages = {1095-1101},
  doi = {10.2967/jnumed.123.265891},
  url = {https://jnm.snmjournals.org/content/64/7/1095}
}

@article{Zhang2023,
  author = {Zhang, Z. and Guo, S. and Zuo, C. and Cheng, C.},
  title = {A Case of Pancreatic Cancer With Rare Cutaneous and Muscle Metastases on [{18F}]-FDG PET/CT Imaging},
  journal = {Clinical Nuclear Medicine},
  year = {2023},
  volume = {48},
  number = {8},
  pages = {692-693},
  doi = {10.1097/RLU.0000000000004699},
  url = {https://journals.lww.com/nuclearmedicinejournal/Abstract/2023/08000/A_Case_of_Pancreatic_Cancer_With_Rare_Cutaneous.9.aspx}
}

@article{Deng2021,
  author = {Deng, M. and Chen, Y. and Cai, L.},
  title = {Comparison of [{68Ga}]-FAPI and [{18F}]-FDG PET/CT in the Imaging of Pancreatic Cancer With Liver Metastases},
  journal = {Clinical Nuclear Medicine},
  year = {2021},
  volume = {46},
  number = {7},
  pages = {589-591},
  doi = {10.1097/RLU.0000000000003561},
  url = {https://journals.lww.com/nuclearmedicinejournal/Abstract/2021/07000/Comparison_of_68Ga_FAPI_and_18F_FDG_PET_CT_in_the.10.aspx}
}

@article{Zheng2018,
  author = {Zheng, L. and Xing, H. and Li, F. and Huo, L.},
  title = {Focal Autoimmune Pancreatitis Mimicking Pancreatic Cancer on FDG PET/CT Imaging},
  journal = {Clinical Nuclear Medicine},
  year = {2018},
  volume = {43},
  number = {1},
  pages = {57-59},
  doi = {10.1097/RLU.0000000000001901},
  url = {https://journals.lww.com/nuclearmedicinejournal/Abstract/2018/01000/Focal_Autoimmune_Pancreatitis_Mimicking_Pancreatic.10.aspx}
}

@misc{SunderlandSeminar,
  author = {John J. Sunderland},
  title = {Nuclear Medicine's Age of Enlightenment: 2012 to ??},
  note = {Seminar presented at the University of Iowa Health Care, October 2024},
  year = {2024},
  month = {October}
}



@Article{life13102044,
	AUTHOR = {Subtirelu, Robert Christopher and Teichner, Eric Michael and Su, Yvonne and Al-Daoud, Omar and Patel, Milan and Patil, Shiv and Writer, Milo and Werner, Thomas and Revheim, Mona-Elisabeth and HÃ¸ilund-Carlsen, Poul Flemming and Alavi, Abass},
	TITLE = {Aging and Cerebral Glucose Metabolism: 18F-FDG-PET/CT Reveals Distinct Global and Regional Metabolic Changes in Healthy Patients},
	JOURNAL = {Life},
	VOLUME = {13},
	YEAR = {2023},
	NUMBER = {10},
	ARTICLE-NUMBER = {2044},
	URL = {https://www.mdpi.com/2075-1729/13/10/2044},
	PubMedID = {37895426},
	ISSN = {2075-1729},
	DOI = {10.3390/life13102044}
}


@article{Hammond2024,
	author = {Hammond, N.G. and Cameron, R.B. and Faubert, B.},
	title = {Beyond glucose and Warburg: finding the sweet spot in cancer metabolism models},
	journal = {npj Metab Health Dis},
	volume = {2},
	pages = {11},
	year = {2024},
	doi = {10.1038/s44324-024-00017-2},
	url = {https://doi.org/10.1038/s44324-024-00017-2}
}

@book{talathi2023,
	author    = {Talathi, S. S. and Zimmerman, R. and Young, M.},
	title     = {Anatomy, Abdomen and Pelvis, Pancreas},
	year      = {2024},
	publisher = {StatPearls Publishing},
	address   = {Treasure Island (FL)},
	edition   = {2024 Jan-},
	note      = {[Updated 2023 Apr 5]},
	url       = {https://www.ncbi.nlm.nih.gov/books/NBK532912/}
}

@article{stark2015,
	author    = {Stark, Alexander and Eibl, Guido},
	title     = {Pancreatic Ductal Adenocarcinoma},
	year      = {2015},
	journal   = {Pancreapedia: Exocrine Pancreas Knowledge Base},
	doi       = {10.3998/panc.2015.14}
}

@article{haeberle2019,
	author    = {Haeberle, L. and Esposito, I.},
	title     = {Pathology of pancreatic cancer},
	year      = {2019},
	journal   = {Translational Gastroenterology and Hepatology},
	volume    = {4},
	pages     = {50},
	doi       = {10.21037/tgh.2019.06.02},
	url       = {https://doi.org/10.21037/tgh.2019.06.02}
}

@article{hong2012,
	author    = {Hong, S. M. and Goggins, M. and Wolfgang, C. L. and Schulick, R. D. and Edil, B. H. and Cameron, J. L. and Handra-Luca, A. and Herman, J. M. and Hruban, R. H.},
	title     = {Vascular invasion in infiltrating ductal adenocarcinoma of the pancreas can mimic pancreatic intraepithelial neoplasia: a histopathologic study of 209 cases},
	year      = {2012},
	journal   = {The American Journal of Surgical Pathology},
	volume    = {36},
	number    = {2},
	pages     = {235--241},
	doi       = {10.1097/PAS.0b013e3182376e36},
	url       = {https://doi.org/10.1097/PAS.0b013e3182376e36}
}

@misc{radiopaedia_pda,
	title     = {Pancreatic Ductal Adenocarcinoma},
	year      = {n.d.},
	author    = {Radiopaedia Contributors},
	howpublished = {\url{https://radiopaedia.org/articles/pancreatic-ductal-adenocarcinoma-4}},
	note      = {Accessed 2024-12-12}
}

@misc{kenhub_pancreas,
	author    = {Kenhub Contributors},
	title     = {The Pancreas},
	year      = {n.d.},
	howpublished = {\url{https://www.kenhub.com/en/library/anatomy/the-pancreas}},
	note      = {Accessed 2024-12-12}
}

@misc{mountsinai_pancreatic_position,
	author    = {Mount Sinai Health System},
	title     = {Pancreatic Cancer},
	year      = {n.d.},
	howpublished = {\url{https://www.mountsinai.org/health-library/diseases-conditions/pancreatic-cancer}},
	note      = {Image showing the position of the pancreas and its surrounding organs. Accessed 2024-12-12}
}

@misc{gray_pancreas_ducts,
	author    = {Henry Vandyke Carter},
	title     = {The Pancreas, The Pancreatic Duct, Orifice of Common Bile-Duct and Pancreatic Duct, Accessory Pancreatic Duct},
	year      = {n.d.},
	howpublished = {Public Domain, via Wikimedia Commons},
	note      = {Image showing ducts, arteries, and veins of the pancreas. Source: talathi2023}
}

@article{arnone2020,
	author    = {Arnone, A. and Laudicella, R. and Caobelli, F. and Guglielmo, P. and Spallino, M. and Abenavoli, E. and Martini, A. L. and Filice, R. and Comis, A. D. and Cuzzocrea, M. and Linguanti, F. and Evangelista, L. and Alongi, P.},
	title     = {Clinical Impact of 18F-FDG PET/CT in the Diagnostic Workup of Pancreatic Ductal Adenocarcinoma: A Systematic Review},
	journal   = {Diagnostics (Basel, Switzerland)},
	year      = {2020},
	volume    = {10},
	number    = {12},
	pages     = {1042},
	doi       = {10.3390/diagnostics10121042},
	url       = {https://doi.org/10.3390/diagnostics10121042}
}

@article{parikh2020fdg,
	title = {FDG PET/CT in Pancreatic and Hepatobiliary Carcinomas: Value to Patient Management and Patient Outcomes},
	author = {Ujas Parikh and Charles Marcus and Rutuparna Sarangi and Mehdi Taghipour and Rathan M. Subramaniam},
	journal = {Emory Radiology Resources},
	year = {2020},
	url = {https://med.emory.edu/departments/radiology/clinical_divisions/nuclear-medicine/documents/2020/extra-credit/fdg-in-pancreatic-and-hepatobililary-carcinomas.pdf},
	note = {Accessed: 2024-12-12}
}

@misc{inegi_population,
	author       = {{Instituto Nacional de EstadÃ­stica y GeografÃ­a (INEGI)}},
	title        = {PoblaciÃ³n: Habitantes en MÃ©xico},
	year         = {2020},
	url          = {https://cuentame.inegi.org.mx/poblacion/habitantes.aspx},
	note         = {Accessed: 2024-12-12}
}

@article{benamor2007petct,
	author    = {Benamor, M. and Ollivier, L. and Brisse, H. and Moulin-Romsee, G. and Servois, V. and Neuenschwander, S.},
	title     = {PET/CT imaging: what radiologists need to know},
	journal   = {Cancer Imaging: The Official Publication of the International Cancer Imaging Society},
	year      = {2007},
	volume    = {7 Spec No A},
	number    = {Special issue A},
	pages     = {S95--S99},
	doi       = {10.1102/1470-7330.2007.9012},
	url       = {https://doi.org/10.1102/1470-7330.2007.9012}
}

