@article{decazes2021,
    author = {Decazes, Pierre and Hinault, Pierre and Veresezan, Olivier and Thureau, Sophie and Gouel, Philippe and Vera, Pierre},
    title = {Trimodality PET/CT/MRI and Radiotherapy: A Mini-Review},
    journal = {Frontiers in Oncology},
    volume = {10},
    pages = {614008},
    year = {2021},
    doi = {10.3389/fonc.2020.614008}
}

@article{yan2024,
    author = {Yan, Qiang and Yan, Xiaoming and Yang, Xin and Li, Shanshan and Song, Jia},
    title = {The use of PET/MRI in radiotherapy},
    journal = {Insights into Imaging},
    volume = {15},
    number = {1},
    pages = {63},
    year = {2024},
    doi = {10.1186/s13244-024-01627-6}
}

@article{knesaurek2018,
  author = {Knesaurek, K. and Machac, J. and Muzinic, M. and others},
  title = {Yttrium-90 Microsphere SIRT: Quantitative Imaging Comparison Using PET/CT and PET/MRI},
  journal = {EJNMMI Physics},
  volume = {5},
  number = {1},
  pages = {1-15},
  year = {2018},
}

@article{floridi2022,
    author = {Floridi, Chiara and Cellina, Marta and Irmici, Gianluca and Bruno, Andrea and Rossini, Nicola and Borgheresi, Andrea and Agostini, Andrea and Bruno, Fabrizio and Arrigoni, Fiorella and Arrichiello, Andrea and Candelari, Roberto and Barile, Andrea and Carrafiello, Gianpaolo and Giovagnoni, Andrea},
    title = {Precision Imaging Guidance in the Era of Precision Oncology: An Update of Imaging Tools for Interventional Procedures},
    journal = {Journal of Clinical Medicine},
    volume = {11},
    number = {14},
    pages = {4028},
    year = {2022},
    doi = {10.3390/jcm11144028}
}

@article{beaton2019,
    author = {Beaton, Laura and Bandula, Surabhini and Gaze, Mark N. and et al.},
    title = {How rapid advances in imaging are defining the future of precision radiation oncology},
    journal = {British Journal of Cancer},
    volume = {120},
    pages = {779--790},
    year = {2019},
    doi = {10.1038/s41416-019-0412-y}
}

@article{journal_of_hepatology2022,
    title = {Global burden of primary liver cancer in 2020 and predictions to 2040},
    author = {McGlynn, Katherine A. and Petrick, Jessica L. and El-Serag, Hashem B.},
    journal = {Journal of Hepatology},
    year = {2022},
    volume = {77},
    number = {6},
    pages = {1598--1606},
    doi = {10.1016/j.jhep.2022.08.022}
}

@misc{cancer_stats2024,
    author = {American Cancer Society},
    title = {Cancer Facts \& Figures 2024},
    year = {2024},
    note = {Available at \url{https://www.cancer.org/cancer/liver-cancer/about/key-statistics.html}}
}

@article{yao2023,
    author = {Yao, Zhe and Dai, Chenyu and Yang, Jiaqi and Xu, Mengyi and Meng, Han and Hu, Xia and Lin, Ning},
    title = {Time-trends in liver cancer incidence and mortality rates in the U.S. from 1975 to 2017: a study based on the Surveillance, Epidemiology, and End Results database},
    journal = {Journal of Gastrointestinal Oncology},
    year = {2023},
    volume = {14},
    number = {1},
    pages = {312--324},
    doi = {10.21037/jgo-23-25},
    pmid = {36915450},
    pmcid = {PMC10007921}
}

@article{aacr_2030,
    author = {Rahib, Lola and Smith, Bryan D. and Aizenberg, Rachel and et al.},
    title = {Projecting Cancer Incidence and Deaths to 2030: The Unexpected Burden of Thyroid, Liver, and Pancreas Cancers in the United States},
    journal = {Cancer Research},
    volume = {74},
    number = {11},
    pages = {2913--2921},
    year = {2014},
    doi = {10.1158/0008-5472.CAN-14-0155}
}


@article{mcmahon2023,
    author = {McMahon, Brian and Cohen, Chari and Brown Jr, Robert S. and El-Serag, Hashem and Ioannou, George N. and Lok, Anna S. and Roberts, Lewis R. and Singal, Amit G. and Block, Timothy},
    title = {Opportunities to address gaps in early detection and improve outcomes of liver cancer},
    journal = {JNCI Cancer Spectrum},
    volume = {7},
    number = {3},
    year = {2023},
    pages = {pkad034},
    doi = {10.1093/jncics/pkad034}
}

@article{quaglia2018,
    author = {Quaglia, Alessandro},
    title = {Hepatocellular carcinoma: a review of diagnostic challenges for the pathologist},
    journal = {Journal of Hepatocellular Carcinoma},
    volume = {5},
    pages = {99--108},
    year = {2018},
    doi = {10.2147/JHC.S159808},
    pmid = {30519546},
    pmcid = {PMC6235001}
}

@article{ozmen2020,
  author = {Ozmen, E. and Adaletli, I.},
  title = {Pediatric Liver Ultrasound: A Pictorial Essay},
  journal = {Diagnostics (Basel)},
  volume = {10},
  number = {9},
  pages = {659},
  year = {2020},
  doi = {10.3390/diagnostics10090659}
}

@article{ferraioli2018,
  author = {Ferraioli, G. and Wong, V. W. and Castera, L. and others},
  title = {Liver Ultrasound Elastography: An Update to the World Federation for Ultrasound in Medicine and Biology Guidelines and Recommendations},
  journal = {Ultrasound in Medicine \& Biology},
  volume = {44},
  number = {12},
  pages = {2419-2440},
  year = {2018},
  doi = {10.1016/j.ultrasmedbio.2018.07.008}
}

@article{TG174,
  author = {Das, I. J. and Thorstad, W. and Fowler, J. and others},
  title = {Task Group 174 Report: Utilization of [18F]FDG PET in Radiation Therapy},
  journal = {Medical Physics},
  volume = {46},
  number = {12},
  pages = {e1024-e1076},
  year = {2019},
}

@article{TG284,
  author = {Mutic, S. and Dempsey, J. F. and Eisbruch, A. and others},
  title = {Task Group 284: MRI Simulation in Radiotherapy},
  journal = {Medical Physics},
  volume = {47},
  number = {12},
  pages = {e850-e877},
  year = {2020},
}

@article{TG132,
  author = {Brock, K. K.},
  title = {Deformable Registration for Image-Guided Radiation Therapy. Task Group 132 Report},
  journal = {Medical Physics},
  volume = {44},
  number = {5},
  pages = {e43-e66},
  year = {2017},
}

@article{Dhont2020,
  author = {Dhont, J. and Van Der Voort van Zyp, J. R. N. and Lambin, P. and others},
  title = {Image-Guided Radiotherapy to Manage Respiratory Motion: Lung and Liver},
  journal = {Clinical Oncology},
  volume = {32},
  number = {12},
  pages = {792-804},
  year = {2020},
}

@article{Pu2021,
  author = {Pu, F. and Zhu, Z. and Chen, T.},
  title = {Clinical Application of [18F]FDG PET/CT in Pancreatic Cancer: A Review},
  journal = {Oncology Letters},
  volume = {22},
  number = {4},
  pages = {1-10},
  year = {2021},
}

@article{Queiroz2015,
  author = {Queiroz, Marcelo A. and Delso, Gaspar and Wollenweber, Scott and Deller, Timothy and Zeimpekis, Konstantinos and Huellner, Martin and Barbosa, Felipe de Galiza and von Schulthess, Gustav and Veit-Haibach, Patrick},
  title = {Dose Optimization in TOF-PET/MR Compared to TOF-PET/CT},
  journal = {PLOS ONE},
  volume = {10},
  number = {7},
  pages = {e0128842},
  year = {2015},
  month = {July},
  publisher = {Public Library of Science (PLoS)},
  doi = {10.1371/journal.pone.0128842},
  url = {https://doi.org/10.1371/journal.pone.0128842}
}