@mastersthesis{aboyewa2021,
  author       = {Oluyemi Aboyewa},
  title        = {Safety Assessment of Epicardial Leads During MRI},
  school       = {Creighton University},
  year         = {2021},
  note         = {Master's Thesis}
}

@techreport{haddix2022,
  author       = {Michael G. Nichols},
  title        = {Safety Assessment of Translational Forces and Torques on Post-Surgical Epicardial Leads During MRI},
  institution  = {Creighton University},
  year         = {2022},
  note         = {Fund Proposal Document}
}

@article{aboyewa2022,
  author       = {O. B. Aboyewa and H. B. Akinleye and J. P. Wrubel and M. G. Nichols},
  title        = {Design of a simple radio frequency circuit for implementing the open-ended coaxial probe method for permittivity measurement},
  journal      = {Review of Scientific Instruments},
  volume       = {93},
  pages        = {114705},
  year         = {2022},
  doi          = {10.1063/5.0095909},
  publisher    = {AIP Publishing}
}

@article{schaller2021,
  author = {Robert D. Schaller and Tamara Brunker and Michael P. Riley and Francis E. Marchlinski and Saman Nazarian and Harold Litt},
  title = {Magnetic Resonance Imaging in Patients With Cardiac Implantable Electronic Devices With Abandoned Leads},
  journal = {JAMA Cardiology},
  year = {2021},
  volume = {6},
  number = {5},
  pages = {549-556},
  doi = {10.1001/jamacardio.2020.7572}
}

@article{vuorinen2021,
  author = {AM Vuorinen and R Paakkanen and J Karvonen and J Sinisalo and M Holmstrom and S Kivisto and J Peltonen and T Kaasalainen},
  title = {MRI Safety with Abandoned or Functional Epicardial Pacing Leads},
  journal = {European Heart Journal - Cardiovascular Imaging},
  year = {2021},
  volume = {22},
  number = {Supplement 2},
  doi = {10.1093/ehjci/jeab090.040}
}

@article{nguyen2021,
  author = {Bach T. Nguyen and Bhumi Bhusal and Amir Ali Rahsepar and Kate Fawcett and Stella Lin and Daniel S. Marks and Rod Passman and Donny Nieto and Richard Niemzcura and Laleh Golestanirad},
  title = {Safety of MRI in Patients with Retained Cardiac Leads},
  journal = {Magnetic Resonance in Medicine},
  year = {2021},
  volume = {87},
  number = {5},
  pages = {2464-2480},
  doi = {10.1002/mrm.29116}
}

@article{meier2024,
  author = {Claudia Meier and Carsten Israel and Michel Eisenbl√§tter and Annika Hoyer and Ferdinand Valentin Stoye and Ali Yilmaz and Stephan Gielen},
  title = {Safety of Magnetic Resonance Imaging in Patients with Cardiac Implantable Electronic Devices and Abandoned or Epicardial Leads: A Systematic Review and Meta-Analysis},
  journal = {Europace},
  year = {2024},
  volume = {26},
  number = {6},
  pages = {euae165},
  doi = {10.1093/europace/euae165}
}

@misc{zghaib2024mri,
  author       = {Tarek Zghaib and Saman Nazarian},
  title        = {Current State of MRI with Cardiac Devices},
  year         = {2024},
  month        = {May},
  url          = {https://www.acc.org/Latest-in-Cardiology/Articles/2024/05/21/10/30/Current-State-of-MRI-With-Cardiac-Devices},
  note         = {Published by the American College of Cardiology. Figure adapted with permission. Accessed on December 2, 2024.}
}