
@article{stoianovici2024,
  author={Stoianovici, Dan and Sharma, Karun and Cleary, Kevin},
  journal={IEEE Transactions on Biomedical Engineering}, 
  title={Measurement of Magnetically Induced Torque on Lightweight Medical Devices in the Magnetic Resonance Environment for ASTM F2213}, 
  year={2024},
  volume={71},
  number={1},
  pages={36-44},
  doi={10.1109/TBME.2023.3291179}
}

@phdthesis{aboyewa2021,
  author = {O. Aboyewa},
  title = {Measurement of Radiofrequency Induced Heating in Patients with Retained Post-Surgical Epicardial Leads During MRI},
  school = {Creighton University},
  year = {2021}
}

@book{bushberg2011,
  author = {Bushberg, Jerrold T. and Seibert, J. Anthony and Leidholdt, Edwin M. and Boone, John M.},
  title = {The Essential Physics of Medical Imaging},
  edition = {3rd},
  publisher = {Lippincott Williams \& Wilkins},
  year = {2011}
}

@article{panych2018,
  author = {Panych, Lawrence P. and Madore, Bruno},
  title = {The physics of MRI safety},
  journal = {Journal of Magnetic Resonance Imaging},
  volume = {47},
  number = {1},
  pages = {28--43},
  year = {2018},
  doi = {10.1002/jmri.25761}
}

@article{benjamin2017,
  author = {Benjamin, Mina M. and Sorkness, Christine A.},
  title = {Practical and ethical considerations in the management of pacemaker and implantable cardiac defibrillator devices in terminally ill patients},
  journal = {Baylor University Medical Center Proceedings},
  volume = {30},
  number = {2},
  pages = {157--160},
  year = {2017},
  doi = {10.1080/08998280.2017.11929566}
}

@article{reade2007,
  author = {Reade, M. C.},
  title = {Temporary epicardial pacing after cardiac surgery: a practical review},
  journal = {Anaesthesia},
  volume = {62},
  number = {4},
  pages = {364--373},
  year = {2007}
}

@article{poh2017,
  author = {Poh, P. G. and Liew, C. and Yeo, C. and Chong, L. R. and Tan, A. and Poh, A.},
  title = {Cardiovascular implantable electronic devices: a review of the dangers and difficulties in MR scanning and attempts to improve safety},
  journal = {Insights into Imaging},
  volume = {8},
  number = {4},
  pages = {405--418},
  year = {2017}
}

@article{muthalaly2018,
  author = {Muthalaly, Rahul G. and Nerlekar, Nitesh and Ge, Yin and Kwong, Raymond Y. and Nasis, Arthur},
  title = {MRI in patients with cardiac implantable electronic devices},
  journal = {Radiology},
  volume = {289},
  number = {2},
  pages = {281--292},
  year = {2018}
}

@misc{astmF2182,
  title = {ASTM F2182-19 Standard Test Method for Measurement of Radio Frequency Induced Heating On or Near Passive Implants During Magnetic Resonance},
  year = {2019},
  note = {ASTM International}
}

@misc{astmF2052,
  title = {ASTM F2052-21 Standard Test Method for Measurement of Magnetically Induced Displacement Force on Medical Devices in the Magnetic Resonance Environment},
  year = {2021},
  note = {ASTM International}
}

@misc{haddixProposal,
  author = {Haddix, T.},
  title = {Creighton MRI Safety Proposal (unpublished internal document)},
  year = {2021},
  note = {Creighton University}
}

@mastersthesis{ferreira2017,
	author = {Ferreira, A.},
	title = {Predicting Angular Displacement of Medical Devices in a MRI Scanner Bore Using COMSOL Multiphysics},
	school = {Drexel University},
	year = {2017},
	type = {Master's thesis}
}
